Automatically generated by Mendeley Desktop 1.11
Any changes to this file will be lost if it is regenerated by Mendeley.

BibTeX export options can be customized via Options -> BibTeX in Mendeley Desktop

@article{YuhongGuo,
author = {{Yuhong Guo}, Dale Schuurmans},
file = {::},
title = {{Adaptive Large Margin Training for Multilabel Classification}},
url = {http://citeseerx.ist.psu.edu/viewdoc/summary?doi=10.1.1.228.6549}
}
@article{Crammer2006,
author = {Crammer, Koby and Dekel, Ofer and Keshet, Joseph and Shalev-Shwartz, Shai and Singer, Yoram},
file = {::},
issn = {1532-4435},
journal = {The Journal of Machine Learning Research},
month = dec,
pages = {551--585},
publisher = {JMLR.org},
title = {{Online Passive-Aggressive Algorithms}},
url = {http://dl.acm.org/citation.cfm?id=1248547.1248566},
volume = {7},
year = {2006}
}
@article{Cesa-Bianchi2005,
author = {Cesa-Bianchi, Nicol\`{o} and Conconi, Alex and Gentile, Claudio},
doi = {10.1137/S0097539703432542},
issn = {0097-5397},
journal = {SIAM Journal on Computing},
keywords = {Perceptron algorithm,mistake bounds,pattern classification},
month = mar,
number = {3},
pages = {640--668},
publisher = {Society for Industrial and Applied Mathematics},
title = {{A Second-Order Perceptron Algorithm}},
url = {http://dl.acm.org/citation.cfm?id=1055330.1055351},
volume = {34},
year = {2005}
}
@article{Amit2008,
author = {Amit, Yonatan and Shalev-Shwartz, Shai and Singer, Yoram},
file = {::},
issn = {1532-4435},
journal = {The Journal of Machine Learning Research},
month = jun,
pages = {1399--1435},
publisher = {JMLR.org},
title = {{Online Learning of Complex Prediction Problems Using Simultaneous Projections}},
url = {http://dl.acm.org/citation.cfm?id=1390681.1442779},
volume = {9},
year = {2008}
}
@article{Hand2001,
author = {Hand, David J. and Till, Robert J.},
doi = {10.1023/A:1010920819831},
file = {::},
issn = {1573-0565},
journal = {Machine Learning},
language = {en},
month = nov,
number = {2},
pages = {171--186},
publisher = {Kluwer Academic Publishers},
title = {{A Simple Generalisation of the Area Under the ROC Curve for Multiple Class Classification Problems}},
url = {http://link.springer.com/article/10.1023/A\%3A1010920819831},
volume = {45},
year = {2001}
}
